@misc{linux,
    author = {R. Love},
    title = {The Linux Documentation Project},
    howpublished = "\url{http://www.tldp.org/LDP/tlk/mm/memory.html}",
    chapter = {Chapter 3: Memory Management},
    year = {1999}}

@inbook{mwi1,
    author = {David Solomon and Mark Russinovich},
    title = {Microsoft Windows Internals, Part 1 6th Edition},
    publisher = {Microsoft Press},
    chapter = {8},
    year = {2012}}

@inbook{mwi2,
    author = {David Solomon and Mark Russinovich},
    title = {Microsoft Windows Internals, Part 2 6th Edition},
    publisher = {Microsoft Press},
    chapter = {10},
    year = {2012}}


@misc{pages,
    title = "mm\_types.h",
    organization = {free-electrons.com},
    howpublished = "\url{http://elixir.free-electrons.com/linux/latest/source/include/linux/mm_types.h}",
    note = "[Online; accessed 14-June-2016]"}

@misc{listh,
    title = "list.h",
    organization = {free-electrons.com},
    howpublished = "\url{http://elixir.free-electrons.com/linux/latest/source/include/linux/list.h}",
    note = "[Online; accessed 14-June-2016]"}

@misc{freebsd,
    title = "VM Objects",
    organization = {FreeBSD},
    howpublished = "\url{https://www.freebsd.org/doc/en/articles/vm-design/vm-objects.html}",
    note = "[Online; accessed 14-June-2016]"}
